2460 4936
330 126 830 291 edians'ario.
916 244 919 254 ,
1014 143 1109 260 fxv

124 365 271 463 Quam
297 358 449 430 multas
476 359 613 432 horum
639 360 826 455 librorum
852 388 923 459 ope
949 366 1105 440 mendas

69 496 214 584 rerirn,
255 495 412 594 legenti
440 495 558 568 cuivis
586 496 813 592 apparebit.¹
844 504 895 570 At
921 490 1117 602 plurimae

69 632 261 726 tiquitus
306 630 567 718 inoleverant,
611 657 724 727 quae,
765 635 808 707 in
848 637 919 708 hos
959 637 1104 711 codices

69 767 265 853 tductae,
292 774 421 837 meam
449 789 601 861 quoque
628 767 835 841 editionem
858 742 1103 859 insedissent,

69 902 100 974 si
115 897 414 972 excellentium
427 900 677 996 quorumdam
690 899 934 998 ingeniorum
944 927 1104 976 acumen

69 1037 256 1135 liginem
279 1034 533 1123 discussisset,
557 1059 632 1131 que
652 1035 827 1108 lectionis
848 1036 984 1110 veritas
1005 1039 1116 1137 tege?

71 1191 162 1245 tur.
214 1177 349 1244 Nemo
373 1172 608 1269 splendidius
632 1174 773 1244 lumen
786 1171 968 1274 praetulit
990 1195 1103 1266 quam

69 1307 224 1378 uditus
235 1306 445 1379 Britannus
457 1305 967 1392 THOMASTYRWHITT,
991 1328 1104 1399 quem

69 1432 240 1512 ¹sman'is
268 1424 417 1514 Criticis
431 1419 717 1516 accensendum
740 1463 819 1512 esse
834 1437 1105 1516 demonstrant

69 1574 354 1648 mendationes
380 1577 423 1649 in
449 1556 691 1676 Euripidem,
730 1572 868 1672 quibus
896 1570 1104 1657 editionem

69 1737 155 1785 iam
179 1709 338 1783 ornavit
355 1715 608 1812 Musgrcvlus.
653 1686 968 1787 Praestantissimi
989 1705 1103 1777 huius

69 1847 137 1934 ai,
184 1845 296 1916 cinus
323 1845 574 1918 conveniendi
598 1842 758 1916 felicitas
784 1813 879 1914 mihi
904 1863 1103 1935 nunquam

69 1981 214 2080 htigit,
250 1977 557 2054 benevolentiam
579 1980 674 2052 mihi
698 1972 914 2050 conciliavit
935 1951 1102 2058 commnf

69 2115 105 2186 is
134 2119 345 2187 Musarum
371 2108 505 2203 a'mor,¹
519 2114 744 2210 opinioque,
772 2133 885 2206 quam
910 2109 990 2205 ipse
1016 2131 1103 2186 ante

69 2274 176 2323 unos
194 2249 341 2323 circiter
355 2246 555 2324 duodecim
572 2249 618 2321 de
637 2270 698 2345 me
718 2246 907 2342 concepit,
929 2245 1104 2321 futurum
1137 2326 1141 2333 ,

71 2403 91 2456 t
120 2382 241 2456 bonis
272 2381 391 2455 literis
417 2383 519 2456 haud
546 2354 798 2478 spernendam
823 2380 990 2476 aliquam
1016 2411 1102 2482 ope·

69 2543 131 2591 sm
160 2539 352 2586 navatem.
410 2495 616 2612 Postquam
642 2517 843 2614 Tragicum
868 2517 971 2627 hunc
996 2518 1103 2589 edere

69 2675 207 2724 aecum
231 2649 397 2738 decrevi,
424 2650 676 2724 coniectorem
692 2650 882 2737 omnium,
907 2674 1003 2748 quos
1016 2676 1103 2726 nos-

69 2814 156 2878 em,
183 2781 447 2864 felicissimum
473 2809 540 2879 per
566 2785 766 2880 epistolam
791 2784 940 2884 rogavi,
972 2802 1036 2876 ut,
1072 2787 1103 2859 si

69 2922 149 3020 pnid
174 2920 221 2991 in
247 2919 448 3012 Sophocle,
482 2937 527 2990 ut
558 2919 601 2991 in
634 2913 834 3016 Euripide,
868 2912 1100 3013 periclitatus

69 3057 215 3141 ‘uisset,
244 3051 524 3131 emendationes
543 3080 629 3130 suas
650 3079 800 3136 mecum
818 3054 981 3152 benigne
1003 3078 1102 3127 com·

69 3191 277 3262 nunicaret.
306 3188 417 3284 Quod
433 3189 641 3285 cupiebam,
664 3187 711 3262 ab
723 3188 1002 3286 humanissimo
1019 3187 1103 3261 viro

69 3321 169 3394 heile
198 3319 417 3416 impetravi:
463 3347 592 3396 mense
614 3294 735 3419 Aprili
760 3324 852 3396 anni
874 3349 1101 3406 mnccnxrrx.

69 3457 208 3528 mulsea
234 3480 284 3528 ex
311 3455 530 3531 adversariis
557 3457 635 3530 suis
665 3458 817 3532 schedas
838 3458 985 3552 aliquot
1006 3455 1103 3526 mihi

69 3589 176 3679 nisit,
203 3589 360 3686 quaein
377 3591 602 3685 Sophoclem
618 3591 711 3663 olim
726 3599 962 3667 commentus
979 3590 1112 3664 fuerat·

69 3723 331 3812 eminentes,
347 3723 575 3821 arbitrioque
600 3748 687 3797 meo
712 3726 902 3823 permisit,
930 3743 974 3796 ut
992 3724 1106 3810 exiis

69 3881 320 3950 [uaecumque
336 3859 428 3931 mihi
446 3857 533 3938 usui
546 3855 815 3933 futuraessent
833 3828 1101 3954 enpromerem.

69 3988 238 4082 §equenti
268 4007 370 4064 anno
397 3993 562 4090 optimus
593 3996 854 4069 Valckenarius
878 3995 981 4098 ultro
1007 3989 1102 4062 mihi
