2460 4936
350 217 849 288 PRAEFATIO.
1016 237 1166 289 'vtr-

51 403 318 475 doctissimus
349 401 485 473 Nostri
514 399 669 488 editor,
687 398 767 473 fere
798 400 975 473 audacius
1011 427 1125 499 quam

49 535 213 609 felicius
231 610 238 619 ,
254 558 344 605 eam
377 533 612 630 provinciam
645 535 928 629 administrat);
963 563 1124 638 cmnque

50 689 257 770 praeterea
302 667 549 764 (praefiscine
589 668 773 763 dixerim)
814 696 885 743 nec
925 673 1016 745 satis
1057 697 1124 770 per

53 807 195 883 omnia
222 786 485 877 felices'mihi
509 804 746 893 viderentur,
787 807 979 903 qubtquot
1012 783 1136 895 sunt,

54 941 270 1039 Sophoclis
307 937 587 1025 emendatores,
631 940 978 1037 glossematumque
1010 920 1122 1016 inda·

57 1076 238 1180 gationis
259 1075 365 1146 iusto
387 1071 699 1171 negligentiores:
721 1077 895 1149 versione
917 1075 1120 1172 Euripidis,
1147 1137 1154 1154 .

58 1213 241 1285 editione
274 1207 471 1299 Aeschyli,
512 1224 771 1302 praeparatus,
814 1210 912 1280 hanc
951 1214 1120 1305 Spartam

60 1373 137 1446 ego
166 1370 250 1418 non
279 1343 479 1438 occupavi,
512 1342 577 1414 sed
603 1343 650 1415 ab
676 1342 755 1418 illis
781 1345 949 1417 relictam
977 1346 1059 1441 cepi
1083 1365 1121 1418 et

64 1505 207 1556 ornare
234 1495 432 1572 utcunque
460 1477 607 1566 studui,
643 1479 814 1574 quamvis
842 1504 980 1578 neque
996 1478 1121 1552 erudi·
1185 1570 1189 1577 Ι

63 1617 177 1687 tione
203 1636 330 1706 neque
357 1609 614 1690 subsidiorum
636 1614 853 1710 praesertim
878 1635 1121 1689 externorum

66 1750 179 1846 copia
205 1745 400 1819 Bruncltio
428 1746 584 1842 aliisque
605 1745 806 1821 nonnullis
834 1748 1121 1846 comparandus.
1163 1722 1165 1728 Ι

173 1891 281 1959 Haec
313 1880 416 1953 enim
451 1881 555 1975 quod
588 1882 743 1974 attinet,
783 1872 1001 1958 celebriores
1038 1883 1120 1982 qui·

66 2025 161 2096 dem
196 2014 348 2114 Tragici
380 1993 582 2103 editiones,
617 2041 713 2112 quaa
744 2014 877 2091 formis
913 2020 1119 2118 descriptae

66 2153 318 2254 prodierunt,
352 2148 556 2221 contulisse
580 2175 733 2239 omnes,
769 2177 877 2227 curae
899 2151 976 2226 fuit
1001 2154 1118 2227 maxi·

67 2315 176 2374 mac;
201 2287 268 2360 sed
293 2285 478 2358 librorum
501 2263 727 2382 scriptorum
751 2276 839 2365 eum
862 2314 987 2386 nequa
1009 2288 1120 2362 Guel.

68 2425 273 2517 ferbytana
304 2418 542 2492 Serenissimi
576 2421 696 2493 Ducis
735 2422 1021 2496 Brunsvicensis
1064 2421 1120 2492 bi·
1158 2392 1181 2420 '⁴

69 2545 264 2632 bliotheca
305 2556 507 2659 quicquam
546 2555 756 2649 praeberet,
801 2557 905 2652 quod
944 2572 1120 2640 excutere

70 2719 208 2794 operae
233 2692 400 2790 pretium
425 2713 506 2763 esse
528 2687 736 2780 videretur,
763 2694 1007 2790 Augustanae
1027 2713 1118 2762 vero

70 2832 188 2904 utiles
230 2823 415 2925 quasdam
456 2823 643 2899 eiusmodi
683 2825 861 2923 reliquias
901 2800 976 2897 alio
1014 2850 1119 2899 nunc

69 2966 219 3040 ablatas
257 2956 538 3054 comperissem,
582 2961 762 3034 carbones
798 2957 878 3032 fere
915 2985 985 3056 pro
1025 2985 1117 3034 auro

67 3096 239 3173 inveniri
259 3095 302 3165 in
323 3096 400 3166 hoc
421 3119 555 3194 genere
576 3093 722 3190 saepius
749 3113 941 3193 expertus,
960 3094 1120 3167 investi·
1160 3065 1162 3069 i

67 3262 157 3336 gare
186 3229 339 3318 destiti,
374 3253 460 3315 cum
483 3227 702 3325 praesertim
726 3230 946 3303 hominibus
973 3231 1120 3328 elegen·
1156 3282 1158 3287 s

64 3369 235 3444 tioribus
268 3360 485 3453 scriberem,
525 3363 591 3460 qui
615 3387 697 3435 non
721 3364 887 3459 plaustra
910 3361 1121 3438 lectionum

64 3500 312 3587 desiderant,
353 3499 419 3571 sed
453 3498 614 3595 optimas
649 3485 801 3570 tansum
834 3522 961 3594 earum
995 3497 1120 3597 legere

61 3653 222 3723 amant,
254 3632 542 3709 auctoritatibus
570 3630 717 3705 idoneis
747 3595 965 3703 adstructis.

168 3776 398 3842 succurrere
430 3767 558 3863 itaque
590 3783 651 3840 tot
683 3765 796 3854 locis,
840 3789 964 3860 neque
1004 3763 1120 3833 unius

56 3882 295 4012 Sophoclis,
334 3903 397 3976 vel
436 3925 590 3999 prorsus
629 3900 856 3997 deploratis,
895 3899 976 3986 uel,
1016 3897 1121 3993 quod

55 4042 172 4140 peius
213 4037 352 4130 etiam,
388 4037 509 4137 specie
535 4035 708 4109 sanitatis
731 4036 856 4106 ulcera
882 4031 1120 4131 tegentibus,
1169 4086 1171 4089 -
1218 4131 1222 4139 „
