2460 4936
133 329 141 365 l

128 572 187 619 m
405 499 938 661 *snoucarr‘

79 800 82 805 ,
129 757 244 830 quam
266 751 407 827 ceterae
429 757 560 807 omnes
586 735 848 808 auctoritatem
870 737 1001 828 habet,
1028 758 1066 813 et
1085 744 1176 838 plus

128 854 421 965 quamquaevis
447 869 519 956 alia
546 869 621 942 fide
648 870 763 969 digua
789 890 868 976 est,
917 879 979 947 Ex
1013 901 1055 948 ea
1093 875 1176 950 fere
1220 868 1224 875 ’

128 1028 320 1101 expressae
353 1022 445 1075 sunt
477 1030 733 1105 quaecumque
767 1008 916 1079 dimidii
948 1011 1088 1082 saeculi
1114 1012 1175 1082 in-

127 1143 286 1213 tervallo
314 1137 470 1212 diversis
495 1140 537 1211 in
558 1142 662 1214 locis
683 1142 926 1239 prodierunt,
958 1143 1057 1216 inter
1079 1170 1188 1241 quas,

128 1278 296 1348 eminent
336 1277 432 1348 duae
472 1277 713 1349 Florentinae
756 1276 797 1348 in
834 1274 979 1349 officina
1015 1270 1186 1357 Iuntina*

127 1440 302 1503 excusae,
353 1410 457 1506 prior
500 1434 601 1493 anno
653 1437 845 1503 amma,
898 1416 1014 1513 altera
1063 1439 1173 1487 anno

126 1572 316 1620 mnxnvrr.
376 1553 510 1617 Postea
538 1543 726 1616 Adrianus
752 1547 971 1638 Turnebus,
988 1548 1174 1622 ¹codicem

127 1682 322 1778 Sophoclis
356 1686 504 1773 nactus¹
522 1705 550 1768 a,
570 1682 764 1754 Demetrio
786 1682 973 1754 ¹Triclinio
1008 1688 1170 1758 recensi·

127 1836 231 1908 turn,
272 1843 318 1888 ex
354 1840 397 1887 eo
430 1830 574 1908 septem
608 1815 834 1913 Tragoedias
868 1815 986 1888 edidit
1019 1820 1173 1894 Parisiis

85 1940 88 1951 ’
127 1977 228 2023 anno
276 1975 442 2037 moun,
497 1948 557 2019 cui
600 1951 759 2023 editioni
801 1968 952 2023 tantum
995 1937 1171 2026 favorem

22 2092 25 2097 ’
126 2086 341 2160 conciliavit
366 2083 574 2158 doctissimi
598 2082 671 2155 viri
697 2085 940 2175 existimatio,
977 2106 1021 2158 ut
1054 2087 1101 2159 ab
1125 2116 1170 2163 ea

119 2221 313 2294 'discedere
351 2218 459 2292 nefas
503 2217 680 2289 duxerint
723 2225 836 2291 Henr.
879 2225 1089 2318 Stephanus
1132 2245 1173 2325 et

127 2354 225 2445 cul,
241 2360 442 2444 Cantcrus,
481 2353 547 2449 qui
579 2352 731 2424 demum
757 2357 1053 2452 Sophocleorum
1088 2359 1172 2452 dra·
1218 2349 1224 2357 ⁴

126 2507 274 2563 matum
300 2486 463 2561 formam
488 2489 541 2571 ita
567 2488 783 2584 constituit,
815 2507 861 2560 ut
886 2515 968 2562 eam
990 2492 1174 2566 exhibent

125 2627 300 2724 vulgares
336 2624 519 2696 editiones
554 2650 705 2714 omnes,
744 2623 1030 2720 magistrorum,
1076 2629 1171 2701 tiro·

124 2785 240 2847 num,
274 2758 512 2831 literatorum
538 2757 716 2832 manibus
741 2761 879 2834 versari
904 2760 1047 2832 solitae.
1071 2799 1073 2803 >
1099 2770 1171 2835 Ve-

20 2888 22 2897 ’
126 2912 338 2967 rumtamen
370 2893 543 2993 Triclinii
571 2894 638 2966 illa
671 2893 913 2989 interpolatio
943 2894 1171 2990 neutiquam

126 3030 241 3127 digna
270 3046 365 3117 erat,
400 3053 494 3128 quae
529 3029 672 3102 sincero
705 3029 828 3100 textui
861 3028 907 3100 ab
938 3029 1039 3101 Aldo
1064 3008 1171 3106 edito

24 3174 27 3182 “
124 3160 396 3263 praeferretur:
435 3188 568 3258 pravas
605 3162 785 3234 lectiones
821 3162 961 3255 passim
992 3163 1171 3244 intrusit:
1209 3247 1215 3255 ,

70 3376 75 3393 ,
124 3300 287 3374 maxime
309 3323 398 3370 vero
421 3299 463 3370 in
487 3297 639 3370 canticis
661 3294 989 3391 impudentissima
1013 3301 1169 3378 audacia

125 3453 314 3540 grassatus
350 3449 426 3520 est,
460 3431 708 3504 insulsissima
743 3428 911 3525 quaeque
945 3431 1168 3527 inferciens,

124 3590 169 3644 ut
204 3569 412 3642 carminum
443 3565 603 3655 formas,
638 3590 730 3662 quas
758 3563 884 3635 animo
912 3586 1169 3661 praeceperat,

125 3703 328 3802 effingeret,
378 3701 578 3772 Falluntur
604 3700 766 3798 egregie,
793 3700 858 3796 qui
882 3698 929 3771 ad
953 3699 1058 3770 illam
1085 3705 1170 3775 Tri-

125 3839 231 3912 clinii
251 3821 507 3908 redensionem
527 3834 644 3907 factis·
658 3833 890 3906 editionibus
908 3851 1075 3923 utentes,
1105 3862 1170 3936 ge-

123 3973 289 4044 nuinum
316 3972 539 4065 Sophoclem
572 3969 695 4067 legere
723 3996 762 4042 se
793 3972 1007 4066 opinantur.
1058 3976 1168 4045 Puri·

124 4124 242 4178 tatem
269 4104 443 4206 lectionis
472 4131 517 4177 ex
541 4104 680 4177 Aldina
706 4104 907 4199 petendam
933 4127 1034 4192 esse,
1071 4129 1171 4200 sem·

123 4266 190 4337 per
216 4237 307 4310 fassi
334 4256 424 4309 sunt
449 4238 522 4310 viri
549 4238 746 4310 doctiores.
799 4227 869 4311 Sed
896 4240 938 4312 in
960 4240 1031 4348 hpc
1055 4264 1170 4339 gene-

6 4389 20 4530 p
123 4404 164 4449 re
185 4375 300 4475 pauci
315 4367 472 4463 sciunt,
500 4373 592 4471 quid
617 4371 759 4444 distent
784 4398 865 4446 aera
890 4373 1044 4469 lupinis.

6 4542 33 4671 l>
530 4587 531 4592 =
777 4628 780 4634 '
948 4636 967 4666 o
1134 4611 1141 4639 ⁴

6 4680 13 4719 l,
