2460 4936
246 241 935 349 nnuncnnrnannfflo
1072 263 1115 310 ιι
1196 284 1198 289 -

47 455 165 505 suam
200 428 411 515 dicaverat,
456 423 523 521 qui
556 449 661 513 eum,
704 423 865 520 proinde
895 441 942 495 ut
974 423 1113 523 dignus

48 585 131 655 est,
163 586 354 637 exomare
380 577 418 632 et
438 554 635 632 'illustrare
659 578 825 655 poterat,
839 555 906 631 'vir
923 559 1115 631 doctrinae

49 721 90 777 et
117 697 273 798 ingenii
301 693 416 767 laude
444 694 649 789 excellens,
685 699 802 765 LUD.
839 698 967 765 CASP.
1000 701 1115 766 VAL-
1182 674 1183 677 Ἴ

52 837 371 920 CKENARIUS,
409 832 476 928 qui
502 847 589 902 ante
614 831 685 901 hos
710 812 850 924 paucos
876 853 1025 902 menses
1052 856 1115 902 ex·

54 960 229 1045 stinctus
251 972 455 1039 Musarum
481 964 647 1037 alumnis
673 963 933 1042 tristissimum
959 965 1115 1063 reliquit

55 1105 307 1181 desiderium.
372 1105 409 1172 I‘s
443 1099 572 1173 nescio
607 1123 683 1196 qpo
716 1099 834 1170 modo
870 1124 890 1170 a
928 1101 1113 1194 Sophocle

57 1258 265 1318 sevocatus
287 1236 400 1323 olim,
435 1242 588 1332 oper‘am
620 1257 729 1307 suam
763 1207 947 1304 aliorsum
980 1253 1113 1306 contu·

57 1380 118 1451 lit
173 1369 406 1446 Derelictam
436 1393 457 1440 a
488 1392 638 1442 summo
665 1365 747 1437 viro
774 1365 1008 1459 provinciam
1035 1335 1114 1443 ani'.

60 1536 172 1588 mose
206 1503 374 1599 suscepi,
417 1526 499 1575 non
543 1527 619 1598 quo
661 1499 932 1587 existimarem,
977 1528 1018 1576 ea
1052 1531 1114 1578 me

61 1641 355 1744 praestiturum,
390 1660 485 1733 quae
516 1635 562 1707 ab
596 1659 642 1706 eo
678 1653 890 1732 exspectare
920 1659 1112 1732 parerat:

61 1802 202 1851 verum
231 1775 279 1845 de
310 1770 429 1847 literis
461 1771 686 1842 meriturum
706 1795 781 1842 ‘me
815 1773 957 1867 optime
983 1778 1114 1870 opina.
1218 1778 1222 1785 '

63 1936 128 1988 tus
160 1936 267 1998 sum,
309 1909 342 1980 si
382 1907 431 1980 ad
473 1904 674 2001 Sophoclis
715 1906 954 1978 intellectum
995 1893 1129 2010 longe

63 2049 198 2144 plura,
231 2067 345 2140 quam
371 2059 479 2114 antea
505 2051 717 2133 comparata
742 2038 911 2132 fuerant,
946 2044 1112 2120 subsidia

64 2179 339 2266 ministrarem,
368 2177 551 2272 cultuque
571 2175 750 2246 nitidiore
780 2175 901 2274 magis
926 2179 1115 2256 allicerent

67 2298 244 2388 adillius
271 2309 473 2382 lectionem
497 2309 691 2383 doctrinae
716 2310 929 2397 studiosos;
955 2338 1032 2410 quo
1058 2316 1114 2391 fa.

67 2448 179 2521 cilius
205 2444 382 2520 futurum
407 2469 534 2540 spero,
560 2462 606 2515 ut
633 2444 820 2541 quispiam
843 2447 939 2519 alius
964 2474 1027 2521 me
1051 2477 1115 2546 pe·

68 2582 181 2655 ritior
207 2579 407 2668 excitetur,
431 2577 498 2674 qui
521 2554 651 2649 labore
673 2602 760 2651 meo
787 2581 958 2671 adiutus,
986 2586 1115 2683 Tragi-

69 2742 157 2790 cum
183 2716 237 2788 ita
264 2714 430 2811 expoliat
455 2730 494 2786 et
518 2711 725 2785 constituat
752 2715 926 2802 tandem,
961 2733 1006 2786 ut
1030 2718 1114 2789 lon-

69 2878 117 2953 ga
144 2851 314 2924 barbarie
340 2849 506 2921 concreti
533 2848 719 2945 squaloris
744 2850 853 2921 nulla
879 2849 1116 2946 relinquatur

68 2987 231 3060 macula.
282 2991 428 3056 Interea
453 3007 555 3055 nova
580 2984 672 3053 haec
697 2983 812 3060 editio
835 2985 888 3056 ita
914 2986 1115 3059 concinna·
1155 3028 1157 3031 v

69 3141 109 3195 ta
135 3138 211 3208 est,
246 3135 292 3188 ut
316 3118 418 3190 haud
442 3118 565 3189 multa
592 3139 672 3189 esse
696 3118 864 3221 credam,
897 3141 992 3212 quae
1016 3118 1116 3191 iudi·

68 3281 130 3330 ces
165 3251 278 3349 aequi
311 3252 353 3322 in
385 3255 426 3325 ea
453 3250 698 3337 desideraturi
724 3250 811 3323 sint.
874 3260 1066 3350 Quantum
1095 3279 1115 3326 a

67 3392 201 3466 ceteris
228 3381 376 3459 differat
402 3385 673 3475 declaraturus,
706 3387 810 3459 haud
833 3387 961 3488 longis
991 3387 1117 3462 amba-¹

65 3526 182 3627 gibus
206 3524 388 3595 lectorem
411 3518 607 3598 morabor.-

97 3737 100 3741 Α
171 3654 511 3760 Βορὴοώεηιιροεῑ
535 3672 682 3728 renatas
710 3656 836 3732 literas
860 3658 1005 3754 primus
1039 3657 1117 3731 edi-

65 3796 123 3869 dit
160 3792 287 3866 Aldus
320 3789 519 3862 Manutius
555 3779 751 3862 Romanus
786 3816 887 3864 anno
925 3817 1036 3865 nrmr.
1073 3816 1121 3865 ex

65 3929 240 4026 antiquis
273 3939 310 3995 et
341 3923 480 4019 probae
511 3944 627 3999 notae
660 3925 864 3999 codicibus.
925 3933 1119 4000 Praestan-
1164 3898 1168 3907 „

68 4062 220 4136 tissima
247 4059 422 4132 omnium
447 4036 537 4133 haec
563 4061 681 4134 editio
709 4077 784 4149 est,
817 4086 913 4159 quae
937 4062 1121 4135 maiorem
1227 4166 1228 4170 Ἴ
