2460 4936
239 203 243 213 ’
360 168 897 286 ΡΙίΑΕΜΤῙομἱ
1054 182 1142 294 aa

91 434 103 443 -
176 409 421 500 Quapropter
444 397 533 469 huic
559 399 720 472 editioni
744 402 924 474 Aldinam
949 422 1132 502 tanquam

58 536 375 610 fundamentum
401 530 616 620 substru'xi3
644 536 691 607 ad
717 560 799 608 eam
825 536 937 610 unice
961 544 1129 636 respexi,

62 672 114 743 de
142 669 308 766 reliquis
334 671 431 740 nihil
453 671 516 741 vel
537 690 673 767 parum
700 651 896 743 sollicitus.
932 651 1129 747 'Ubicum-

63 833 147 904 que
176 806 226 879 ab
255 831 296 877 ea
325 774 496 892 discessi,
526 805 751 878 mutationis
780 804 967 878 rationem
992 805 1035 876 in
1058 831 1128 880 no-

63 944 119 1013 tis
149 912 323 1036 exposui.
376 938 558 1024 Codicum
586 934 701 1012 iidem
726 939 950 1035 plerumque
976 943 1163 1015 secutus?

67 1103 183 1150 sum:
210 1093 249 1148 at
275 1076 430 1148 mendas
458 1073 651 1148 codicibus
679 1073 746 1170 qui
768 1098 873 1144 nunc
892 1093 1042 1148 exstant
1063 1103 1127 1148 an·

30 1289 33 1292 Α
66 1212 260 1309 tiquiores
296 1208 531 1283 eruditorum
564 1209 735 1281 virorum
773 1207 1041 1302 coniecturis,
1061 1227 1128 1281 aut
1168 1294 1175 1306 ἱ

69 1349 192 1436 meis,
234 1344 383 1416 sustuli.
452 1343 636 1417 Codictnn
671 1359 815 1430 autem,
857 1341 997 1439 quibus
1035 1367 1126 1418 usus

73 1505 185 1569 sum,
214 1478 384 1572 syllabus
409 1480 471 1551 hic
496 1494 572 1550 est:
1196 1461 1200 1465 ⁸

176 1622 222 1688 Α.
272 1611 517 1689 Membranae
555 1613 833 1687 vetustissimae
870 1610 1128 1684 Bibliothecae

75 1749 236 1848 Regiae,
263 1771 340 1842 quo
366 1770 412 1817 ex
435 1747 669 1821 Memmiana
695 1749 823 1820 illatae
838 1744 1017 1820 ·fuerunt.
1074 1746 1125 1819 Iis
1216 1720 1222 1725 ’

77 1878 332 1958 continentur
376 1882 572 1977 Sophoclis
614 1885 844 1983 Tragoedias
881 1888 959 1957 VII.
994 1881 1127 1954 eodem

73 2019 229 2105 ordine,
265 2040 341 2111 quo
369 2015 410 2086 in
436 2017 525 2089 Aldi
552 2018 719 2092 editione
747 2045 786 2092 se
815 2017 1125 2113 subsequuntur:

77 2150 273 2245 Euripidis
300 2150 476 2240 Hecuba,
506 2156 676 2242 Orestes,
702 2153 948 2240 Phoenissae,
977 2151 1125 2234 Andro·

75 2286 226 2374 macha,
253 2284 408 2373 Medea,
437 2303 474 2358 et
493 2288 746 2383 Hippolytus,
776 2264 867 2383 quas
892 2311 1025 2359 omnes
1049 2285 1124 2358 edi·
1226 2307 1228 2319 ·

79 2422 225 2492 dimusz
255 2419 517 2527 Aristophanis
532 2421 695 2495 Fabulae
710 2430 806 2513 VIL,
833 2420 988 2494 anobis
1013 2419 1126 2490 etiam

76 2555 222 2637 editae3
255 2554 308 2624 ita
342 2522 386 2624 ut
417 2555 578 2629 varietas
608 2557 782 2630 lectionis
813 2553 1126 2650 praestantissimi

75 2692 184 2761 illius
208 2690 348 2762 codicis
373 2691 449 2763 iam
475 2692 599 2764 omnis
624 2718 736 2789 opera
755 2710 885 2764 nostra
904 2676 1150 2762 innotuerit.⁸

74 2832 122 2898 In
158 2825 332 2922 catalogo
358 2832 451 2901 Mss.
479 2796 587 2900 codd.
613 2800 841 2902 Graecorum
867 2825 1126 2899 Bibliothecae

75 2958 215 3055 Regiae
243 2976 299 3030 est
326 2984 435 3051 αμα.
470 3024 475 3035 .
662 2936 669 2952 ⁸
1038 2976 1039 2981 ’
1196 2932 1199 2937 ⁴

179 3101 223 3166 B.
288 3096 415 3168 Codex
457 3098 620 3196 Regius,
665 3099 827 3197 catalogi
871 3119 1004 3188 2737„
1047 3120 1123 3192 quo

73 3247 224 3325 praeter
252 3230 324 3302 alia
350 3231 598 3306 continentur
625 3232 790 3328 Oedipus
804 3234 938 3328 prior,
975 3233 1124 3304 Trachi·
1181 3278 1184 3287 ·

71 3362 180 3449 niae,
210 3359 456 3455 Philoctetes,
484 3387 522 3441 et
545 3368 711 3462 Oedipus
741 3368 783 3441 in
811 3366 971 3440 Colono.

180 3504 222 3569 C.
251 3501 381 3572 Codex
392 3503 531 3601 Regius
549 3498 810 3607 bombycinus
830 3503 1123 3602 catalogi2794,

71 3635 281 3708 continens
298 3635 466 3729 Aiacem,
490 3639 679 3710 Electram
694 3652 736 3708 et
747 3635 934 3732 Oedipum
948 3635 1124 3731 priorem.

179 3773 232 3838 D.
260 3769 390 3844 Codex
407 3773 546 3874 Regius
563 3773 792 3862 chartaceus,
816 3772 978 3870 catalogi
996 3792 1123 3859 egeo,

69 3923 224 4000 praeter
250 3905 324 3978 alia
345 3908 547 3997 continens
575 3908 745 4000 Aiacem,
780 3908 970 3980 Electram
995 3922 1033 3979 et
1055 3909 1126 3976 Oe·
1158 3936 1171 3956 ν

35 4038 207 4136 ·dipum
234 4039 411 4134 priorem.
472 4144 473 4147 Ἴ
