2460 4936
427 1068 871 1210 ‘inopom
986 1188 990 1206 „

574 1307 622 1367 ·S.
662 1309 704 1367 D.

130 1482 311 1552 RICH.
364 1479 591 1547 FRANC.
641 1474 818 1551 PHIL.
870 1481 1174 1553 BRUNCK

351 1633 947 1678 urcis51usca1eriouuu

228 1748 270 1792 ετ
312 1747 564 1790 nunauioauu
608 1747 820 1791 tirrannum
861 1749 1072 1792 scloamir

534 1871 764 1950 sociiis.

127 2329 412 2459 Saepenumero
454 2355 612 2429 miratus
651 2382 754 2446 sum,
801 2360 844 2431 in
866 2377 987 2443 ,tanta
1026 2382 1170 2459 quauta

124 2520 318 2568 versamur
342 2494 536 2566 literarum
561 2494 667 2584 luce,
692 2520 810 2592 quum
834 2497 1098 2568 excolerentur
1123 2499 1168 2572 in

126 2632 206 2705 dies
235 2631 371 2728 optimi
387 2620 592 2726 'scriptores
619 2629 785 2726 antiqui,
821 2647 859 2702 et
891 2629 1057 2704 obducto
1090 2633 1169 2706 situ

49 2806 51 2816 ι
125 2768 395 2868 purgarentur,
420 2755 637 2868 neglectum
663 2764 780 2836 iacere
801 2765 1048 2860 Sophoclem,
1074 2775 1169 2842 Ροέ·

125 2920 250 2973 tarum
277 2917 365 2996 post
391 2904 609 2970 Homerum'
627 2897 1011 2995 praestantissimum,
1039 2903 1169 3000 Tragi-

24 3047 26 3061 “
125 3061 257 3109 corum
286 3037 476 3130 quotq'uot
505 3028 662 3105 fuerunt
688 3033 1014 3130 perfectissimum.
1066 3043 1168 3111 Nam

116 3163 230 3268 'quod
256 3164 482 3260 compluries
509 3167 582 3238 hoc
606 3168 778 3257 saeculo,
811 3167 974 3239 maxime
1005 3171 1168 3244 veroin

125 3300 339 3390 Britannia,
375 3282 594 3394 superstites
620 3319 764 3397 septem
788 3301 1017 3402 Tragoedias
1039 3305 1167 3399 praela

27 3452 85 3525 q·
115 3430 372 3525 exercuerint,
400 3435 569 3508 studium
595 3435 749 3532 quidem
772 3438 861 3512 illae
886 3439 1063 3535 repetitae
1088 3439 1168 3510 edi·

90 3551 246 3645 'tiones
285 3585 472 3641 testantur
510 3569 662 3667 legendi
706 3572 920 3667 Sophoclis„
960 3569 1031 3642 sed
1063 3569 1166 3642 nihil

121 3729 275 3804 prorsus
301 3697 520 3792 effecerunt,
559 3728 635 3798 quo
668 3730 785 3801 purus
820 3723 857 3778 et
888 3707 1034 3801 integer
1064 3705 1165 3803 lege·

121 3857 237 3913 retur.
293 3843 444 3911 Scatent
469 3861 600 3910 omnes
625 3836 854 3914 foedissimis
874 3803 1053 3928 incudis,
1068 3856 1165 3936 'qua-

121 4002 208 4050 rum
232 3974 441 4071 permultae
464 3997 515 4044 ne
539 3971 631 4068 ipsis
653 3973 806 4069 quidem
833 3972 1039 4055 editoribus
1074 3973 1165 4046 sub·

121 4112 321 4210 oluerunt,
354 4106 565 4204 quibusque
599 4108 768 4182 eluendis
804 4132 909 4204 pares
942 4112 1024 4181 n'on
1051 4125 1162 4193 erant

123 4242 350 4340 quicumque
367 4239 614 4336 interpolatae
633 4240 863 4316 recensionis
889 4242 1056 4339 exempla
1075 4268 1165 4339 pro·

122 4389 320 4477 pagarunt.
372 4377 480 4446 Unus
506 4393 633 4450 aetate
651 4382 781 4452 nostra
807 4374 983 4473 Sophocli
1010 4399 1163 4471 operum
1206 4431 1209 4438 -
