2460 4936
10 1930 14 1965 i

169 1215 944 1328 ⁴PRAEFATIO.

64 1642 178 1751 Non
199 1653 341 1744 dubito
358 1668 460 1761 fore,
489 1671 554 1767 qui
580 1671 783 1745 consilium
810 1673 965 1770 culpent
990 1693 1119 1750 meum
1206 1697 1208 1703 ·

66 1814 195 1886 denuo
221 1807 446 1880 recensendi
470 1825 583 1903 atque
608 1807 744 1880 edendi
759 1810 1001 1905 Sophoclem,
1029 1821 1118 1908 poe'·

65 1966 163 2036 tam,
198 1965 288 2017 tum
325 1944 487 2016 aliorum
520 1943 756 2016 eruditorum
775 1915 905 2034 ⁸curis,
941 1963 1027 2019 tum
1060 1947 1118 2019 in·

64 2082 199 2180 primis
226 2080 408 2153 Brunckii
433 2080 603 2152 doctrina
628 2098 666 2153 et
690 2081 908 2179 sagacitate,
943 2084 1117 2156 exercita·
1149 2090 1156 2101 '

31 2258 32 2261 ¹
67 2218 283 2305 tissimum,
318 2233 363 2286 ut
388 2215 454 2286 vix
480 2233 517 2288 et
542 2242 592 2287 ne
615 2215 680 2288 vix
707 2211 859 2310 quidem
895 2206 1032 2291 melius
1062 2217 1116 2291 fa·

66 2353 190 2424 ciendi
220 2376 305 2448 spes
332 2376 523 2448 superesse
550 2350 711 2446 cuipiam
735 2351 917 2423 videatur.
971 2355 1117 2452 Quibus

65 2513 135 2587 ego
176 2488 414 2583 respondeo,
457 2487 561 2583 quod
598 2487 717 2583 vulgo
755 2485 832 2559 dici
871 2487 986 2575 solet,
1026 2494 1116 2562 Non
1195 2522 1198 2537 =

65 2625 198 2699 omnia
226 2648 433 2720 possumus
461 2646 622 2725 omnes,
657 2622 847 2695 Praestitit
871 2608 1052 2694 nonnihil
1075 2626 1118 2699 in

65 2762 137 2833 hoc
158 2784 301 2859 genere
320 2757 489 2832 Turnebi
509 2756 833 2876 quamvis'parum
857 2756 1039 2832 iudiciosa
1062 2760 1117 2831 di·
1162 2836 1167 2844 Ι

65 2896 251 2996 ligentia,
279 2894 467 2989 praestitit
483 2894 634 2968 Canteri
657 2894 800 2964 laetum
826 2908 940 2989 atque
966 2896 1116 2994 elegans

63 3032 290 3130 ingenium,
334 3055 459 3125 neque
495 3029 655 3101 omnino
693 3027 970 3099 contemnenda
1007 3049 1117 3119 sunt,

65 3184 108 3237 ut
128 3164 369 3264 quibusdam
387 3164 556 3255 videtur,
581 3189 679 3270 quae
702 3163 809 3249 velut
832 3162 875 3233 in
900 3181 1131 3238 transcursus

25 3294 31 3401 ’Δ
65 3298 271 3375 annotavit
314 3300 363 3371 ad
404 3301 605 3400 Tragioum
642 3306 819 3372 nostrum
857 3300 933 3388 vir,
975 3301 1115 3396 pulcri,
1214 3326 1217 3335 ²

62 3435 287 3534 praesertim
312 3460 396 3508 non
418 3436 532 3507 nimis
555 3435 760 3524 reconditi,
788 3435 1019 3508 iustissimus
1037 3461 1115 3507 eru-

63 3563 356 3667 ditissimusque
397 3588 603 3667 spectator,
653 3571 841 3644 Henrious
885 3572 1115 3666 Stephanus,
1152 3647 1171 3675 θ
1199 3677 1203 3683 ε

60 3707 104 3781 de
137 3734 219 3806 quo
254 3730 343 3777 non
377 3705 506 3801 inepte
543 3705 706 3795 dixeris,
748 3706 852 3803 quod
885 3707 932 3779 de
965 3708 1115 3779 Lucilio

57 3845 235 3919 Flaccus:

14 4015 25 4059 '.
116 3976 202 4036 Cum
221 3971 354 4035 flueret
373 3969 574 4045 lutulentus,
601 3987 672 4048 erat
692 3973 783 4056 quod
804 3970 921 4034 tollere
941 3972 1052 4043 velles.

9 4152 11 4158 a
54 4088 278 4163 Iohnsonus
329 4101 421 4156 cum
465 4085 672 4176 subsidiis,
727 4085 946 4184 praesertim
1001 4085 1116 4157 libro·

443 4398 608 4505 otd}
627 4407 710 4509 ou
793 4348 798 4357 ·
