<?xml version="1.0" encoding="UTF-8"?>
<!DOCTYPE html PUBLIC "-//W3C//DTD XHTML 1.0 Transitional//EN"
    "http://www.w3.org/TR/xhtml1/DTD/xhtml1-transitional.dtd">
<html xmlns="http://www.w3.org/1999/xhtml" xml:lang="en" lang="en">
 <head>
  <title>
</title>
<meta http-equiv="Content-Type" content="text/html;charset=utf-8" />
  <meta name='ocr-system' content='tesseract 3.04.00' />
  <meta name='ocr-capabilities' content='ocr_page ocr_carea ocr_par ocr_line ocrx_word'/>
</head>
<body>
  <div class='ocr_page' id='page_1' title='image "./sophoclisdramat01sophgoog_0021.png"; bbox 0 0 2460 4936; ppageno 0'>
   <div class='ocr_carea' id='block_1_1' title="bbox 106 524 846 640">
    <p class='ocr_par' dir='ltr' id='par_1_1' title="bbox 38 521 846 640">
     <span class='ocr_line' id='line_1_1' title="bbox 106 524 846 640; baseline 0.004 -7.748"><span class='ocrx_word' id='word_1_1' title='bbox 106 547 228 634; x_wconf 53' lang='lat' dir='ltr'><strong>na&#39;</strong></span> <span class='ocrx_word' id='word_1_2' title='bbox 348 524 846 640; x_wconf 76' lang='lat' dir='ltr'><strong>·auuucuu</strong></span> 
     </span>
    </p>
   </div>
   <div class='ocr_carea' id='block_1_2' title="bbox 48 723 1213 4358">
    <p class='ocr_par' dir='ltr' id='par_1_2' title="bbox 71 723 1166 1119">
     <span class='ocr_line' id='line_1_2' title="bbox 219 723 1166 852; baseline 0.003 -29"><span class='ocrx_word' id='word_1_3' title='bbox 219 755 263 823; x_wconf 78' lang='lat' dir='ltr'><strong>ll.</strong></span> <span class='ocrx_word' id='word_1_4' title='bbox 327 749 457 821; x_wconf 82' lang='lat' dir='ltr'>Codex</span> <span class='ocrx_word' id='word_1_5' title='bbox 502 723 653 849; x_wconf 81' lang='lat' dir='ltr'><strong>Regius</strong></span> <span class='ocrx_word' id='word_1_6' title='bbox 685 749 958 850; x_wconf 79' lang='lat' dir='ltr'><strong>bombycinus,</strong></span> <span class='ocrx_word' id='word_1_7' title='bbox 1001 754 1166 852; x_wconf 84' lang='lat' dir='ltr'><strong>catalogi</strong></span> 
     </span>
     <span class='ocr_line' id='line_1_3' title="bbox 71 884 1164 981; baseline 0.006 -28"><span class='ocrx_word' id='word_1_8' title='bbox 71 917 72 921; x_wconf 38' lang='lat'>¹</span> <span class='ocrx_word' id='word_1_9' title='bbox 115 902 246 975; x_wconf 63' lang='lat'><strong>2334„</strong></span> <span class='ocrx_word' id='word_1_10' title='bbox 271 901 416 978; x_wconf 86' lang='lat' dir='ltr'><strong>praeter</strong></span> <span class='ocrx_word' id='word_1_11' title='bbox 439 885 510 956; x_wconf 87' lang='lat' dir='ltr'><strong>alia</strong></span> <span class='ocrx_word' id='word_1_12' title='bbox 536 884 736 957; x_wconf 89' lang='lat' dir='ltr'><strong>continens</strong></span> <span class='ocrx_word' id='word_1_13' title='bbox 758 886 925 976; x_wconf 82' lang='lat' dir='ltr'><strong>Aiacem,</strong></span> <span class='ocrx_word' id='word_1_14' title='bbox 954 886 1164 981; x_wconf 80' lang='lat' dir='ltr'><strong>Electram,</strong></span> 
     </span>
     <span class='ocr_line' id='line_1_4' title="bbox 114 1013 854 1119; baseline -0.001 -25"><span class='ocrx_word' id='word_1_15' title='bbox 114 1013 302 1114; x_wconf 82' lang='lat' dir='ltr'><strong>Oedipum</strong></span> <span class='ocrx_word' id='word_1_16' title='bbox 328 1019 492 1113; x_wconf 82' lang='lat' dir='ltr'>priorem</span> <span class='ocrx_word' id='word_1_17' title='bbox 518 1038 556 1092; x_wconf 92' lang='lat' dir='ltr'><strong>et</strong></span> <span class='ocrx_word' id='word_1_18' title='bbox 581 1022 824 1119; x_wconf 81' lang='lat' dir='ltr'><strong>Antigonam.</strong></span> <span class='ocrx_word' id='word_1_19' title='bbox 853 1046 854 1053; x_wconf 53' lang='lat'>¹</span> 
     </span>
    </p>

    <p class='ocr_par' dir='ltr' id='par_1_3' title="bbox 98 1154 1213 2594">
     <span class='ocr_line' id='line_1_5' title="bbox 216 1154 1163 1241; baseline 0.005 -16"><span class='ocrx_word' id='word_1_20' title='bbox 216 1157 562 1241; x_wconf 81' lang='lat' dir='ltr'><strong>AUGUSTANUS,</strong></span> <span class='ocrx_word' id='word_1_21' title='bbox 608 1180 628 1226; x_wconf 90' lang='lat' dir='ltr'><strong>e</strong></span> <span class='ocrx_word' id='word_1_22' title='bbox 664 1154 892 1230; x_wconf 77' lang='lat' dir='ltr'>bibliotheca</span> <span class='ocrx_word' id='word_1_23' title='bbox 925 1163 1084 1237; x_wconf 83' lang='lat' dir='ltr'><strong>Senatus</strong></span> <span class='ocrx_word' id='word_1_24' title='bbox 1116 1159 1163 1230; x_wconf 90' lang='lat' dir='ltr'><strong>li·</strong></span> 
     </span>
     <span class='ocr_line' id='line_1_6' title="bbox 112 1287 1163 1384; baseline 0.004 -23"><span class='ocrx_word' id='word_1_25' title='bbox 112 1291 222 1364; x_wconf 86' lang='lat' dir='ltr'><strong>berae</strong></span> <span class='ocrx_word' id='word_1_26' title='bbox 259 1287 421 1359; x_wconf 86' lang='lat' dir='ltr'><strong>civitatis</strong></span> <span class='ocrx_word' id='word_1_27' title='bbox 453 1294 648 1384; x_wconf 75' lang='lat' dir='ltr'>Augustae</span> <span class='ocrx_word' id='word_1_28' title='bbox 681 1289 982 1380; x_wconf 88' lang='lat' dir='ltr'><strong>Vindelicorum,</strong></span> <span class='ocrx_word' id='word_1_29' title='bbox 1020 1294 1163 1365; x_wconf 89' lang='lat' dir='ltr'><strong>charta·</strong></span> 
     </span>
     <span class='ocr_line' id='line_1_7' title="bbox 115 1417 1162 1524; baseline 0.002 -29"><span class='ocrx_word' id='word_1_30' title='bbox 115 1445 220 1512; x_wconf 81' lang='lat' dir='ltr'><strong>ceos,</strong></span> <span class='ocrx_word' id='word_1_31' title='bbox 247 1417 393 1518; x_wconf 84' lang='lat' dir='ltr'><strong>praeter</strong></span> <span class='ocrx_word' id='word_1_32' title='bbox 410 1419 483 1490; x_wconf 88' lang='lat' dir='ltr'><strong>alia</strong></span> <span class='ocrx_word' id='word_1_33' title='bbox 500 1423 700 1494; x_wconf 86' lang='lat' dir='ltr'><strong>continens</strong></span> <span class='ocrx_word' id='word_1_34' title='bbox 721 1424 889 1514; x_wconf 86' lang='lat' dir='ltr'><strong>Aiacem,</strong></span> <span class='ocrx_word' id='word_1_35' title='bbox 915 1425 1162 1524; x_wconf 82' lang='lat' dir='ltr'>Antigonam,</span> 
     </span>
     <span class='ocr_line' id='line_1_8' title="bbox 112 1544 1213 1651; baseline 0.001 -19"><span class='ocrx_word' id='word_1_36' title='bbox 112 1556 303 1651; x_wconf 83' lang='lat' dir='ltr'><strong>Oedipum</strong></span> <span class='ocrx_word' id='word_1_37' title='bbox 325 1554 491 1650; x_wconf 88' lang='lat' dir='ltr'><strong>priorem</strong></span> <span class='ocrx_word' id='word_1_38' title='bbox 520 1573 558 1626; x_wconf 90' lang='lat' dir='ltr'><strong>et</strong></span> <span class='ocrx_word' id='word_1_39' title='bbox 583 1557 783 1629; x_wconf 81' lang='lat' dir='ltr'><strong>Eledtram.</strong></span> <span class='ocrx_word' id='word_1_40' title='bbox 808 1613 810 1623; x_wconf 62' lang='lat'><strong>.</strong></span> <span class='ocrx_word' id='word_1_41' title='bbox 837 1544 1013 1634; x_wconf 75' lang='lat' dir='ltr'><strong>codicem</strong></span> <span class='ocrx_word' id='word_1_42' title='bbox 1038 1563 1161 1650; x_wconf 90' lang='lat' dir='ltr'><strong>hunc,</strong></span> <span class='ocrx_word' id='word_1_43' title='bbox 1211 1601 1213 1618; x_wconf 58' lang='grc' dir='ltr'>ι</span> 
     </span>
     <span class='ocr_line' id='line_1_9' title="bbox 111 1687 1163 1787; baseline -0.001 -20"><span class='ocrx_word' id='word_1_44' title='bbox 111 1714 156 1767; x_wconf 94' lang='lat' dir='ltr'><strong>ut</strong></span> <span class='ocrx_word' id='word_1_45' title='bbox 180 1712 218 1764; x_wconf 90' lang='lat' dir='ltr'><strong>et</strong></span> <span class='ocrx_word' id='word_1_46' title='bbox 236 1689 396 1787; x_wconf 81' lang='lat' dir='ltr'><strong>Regium</strong></span> <span class='ocrx_word' id='word_1_47' title='bbox 424 1694 468 1760; x_wconf 85' lang='grc' dir='ltr'><strong>Ε.</strong></span> <span class='ocrx_word' id='word_1_48' title='bbox 493 1687 782 1786; x_wconf 79' lang='lat' dir='ltr'><strong>diligentissime</strong></span> <span class='ocrx_word' id='word_1_49' title='bbox 801 1694 965 1765; x_wconf 88' lang='lat' dir='ltr'><strong>contulit</strong></span> <span class='ocrx_word' id='word_1_50' title='bbox 978 1695 1026 1767; x_wconf 88' lang='lat' dir='ltr'><strong>ad</strong></span> <span class='ocrx_word' id='word_1_51' title='bbox 1041 1696 1163 1776; x_wconf 91' lang='lat' dir='ltr'><strong>John·</strong></span> 
     </span>
     <span class='ocr_line' id='line_1_10' title="bbox 112 1824 1162 1924; baseline 0 -22"><span class='ocrx_word' id='word_1_52' title='bbox 112 1829 198 1904; x_wconf 89' lang='lat' dir='ltr'><strong>soni</strong></span> <span class='ocrx_word' id='word_1_53' title='bbox 234 1824 441 1896; x_wconf 84' lang='lat' dir='ltr'><strong>editionem</strong></span> <span class='ocrx_word' id='word_1_54' title='bbox 472 1831 637 1906; x_wconf 86' lang='lat' dir='ltr'><strong>Joannes</strong></span> <span class='ocrx_word' id='word_1_55' title='bbox 667 1827 1009 1924; x_wconf 83' lang='lat' dir='ltr'><strong>Schweighaeuser,</strong></span> <span class='ocrx_word' id='word_1_56' title='bbox 1050 1835 1162 1902; x_wconf 85' lang='lat' dir='ltr'><strong>Grae·</strong></span> 
     </span>
     <span class='ocr_line' id='line_1_11' title="bbox 111 1957 1161 2060; baseline -0.001 -24"><span class='ocrx_word' id='word_1_57' title='bbox 111 1989 175 2036; x_wconf 88' lang='lat' dir='ltr'><strong>cae</strong></span> <span class='ocrx_word' id='word_1_58' title='bbox 206 1962 358 2056; x_wconf 86' lang='lat' dir='ltr'><strong>linguae</strong></span> <span class='ocrx_word' id='word_1_59' title='bbox 394 1957 436 2030; x_wconf 91' lang='lat' dir='ltr'><strong>in</strong></span> <span class='ocrx_word' id='word_1_60' title='bbox 471 1958 585 2030; x_wconf 87' lang='lat' dir='ltr'><strong>huius</strong></span> <span class='ocrx_word' id='word_1_61' title='bbox 622 1960 783 2033; x_wconf 82' lang='lat' dir='ltr'><strong>civitatis</strong></span> <span class='ocrx_word' id='word_1_62' title='bbox 809 1961 1007 2035; x_wconf 82' lang='lat' dir='ltr'><strong>Academia</strong></span> <span class='ocrx_word' id='word_1_63' title='bbox 1032 1963 1161 2060; x_wconf 87' lang='lat' dir='ltr'><strong>publi-</strong></span> 
     </span>
     <span class='ocr_line' id='line_1_12' title="bbox 110 2084 1160 2191; baseline -0.001 -19"><span class='ocrx_word' id='word_1_64' title='bbox 110 2123 176 2172; x_wconf 92' lang='lat' dir='ltr'><strong>cus</strong></span> <span class='ocrx_word' id='word_1_65' title='bbox 211 2096 361 2181; x_wconf 89' lang='lat' dir='ltr'><strong>doctor,</strong></span> <span class='ocrx_word' id='word_1_66' title='bbox 398 2092 505 2165; x_wconf 90' lang='lat' dir='ltr'><strong>cuius</strong></span> <span class='ocrx_word' id='word_1_67' title='bbox 531 2084 783 2191; x_wconf 83' lang='lat' dir='ltr'><strong>multiplicem</strong></span> <span class='ocrx_word' id='word_1_68' title='bbox 797 2095 1065 2171; x_wconf 39' lang='lat' dir='ltr'><strong>&#39;eruditionem&#39;</strong></span> <span class='ocrx_word' id='word_1_69' title='bbox 1086 2123 1160 2171; x_wconf 88' lang='lat' dir='ltr'><strong>no-</strong></span> 
     </span>
     <span class='ocr_line' id='line_1_13' title="bbox 98 2227 1162 2329; baseline -0.001 -23"><span class='ocrx_word' id='word_1_70' title='bbox 98 2231 280 2329; x_wconf 83' lang='lat' dir='ltr'><strong>bilitavit</strong></span> <span class='ocrx_word' id='word_1_71' title='bbox 297 2228 461 2323; x_wconf 77' lang='lat' dir='ltr'><strong>Appiani</strong></span> <span class='ocrx_word' id='word_1_72' title='bbox 486 2227 749 2318; x_wconf 71' lang='lat' dir='ltr'><strong>Alexandrini,</strong></span> <span class='ocrx_word' id='word_1_73' title='bbox 778 2253 873 2326; x_wconf 89' lang='lat' dir='ltr'><strong>quae</strong></span> <span class='ocrx_word' id='word_1_74' title='bbox 898 2255 1020 2325; x_wconf 84' lang='lat' dir='ltr'><strong>nuper</strong></span> <span class='ocrx_word' id='word_1_75' title='bbox 1044 2233 1162 2328; x_wconf 91' lang='lat' dir='ltr'><strong>prod·</strong></span> 
     </span>
     <span class='ocr_line' id='line_1_14' title="bbox 109 2344 1160 2463; baseline 0.002 -29"><span class='ocrx_word' id='word_1_76' title='bbox 109 2370 174 2457; x_wconf 92' lang='lat' dir='ltr'><strong>iit,</strong></span> <span class='ocrx_word' id='word_1_77' title='bbox 217 2363 334 2438; x_wconf 83' lang='lat' dir='ltr'><strong>editio</strong></span> <span class='ocrx_word' id='word_1_78' title='bbox 368 2344 684 2452; x_wconf 79' lang='lat' dir='ltr'><strong>elaboratissimo,</strong></span> <span class='ocrx_word' id='word_1_79' title='bbox 723 2362 826 2458; x_wconf 91' lang='lat' dir='ltr'><strong>quod</strong></span> <span class='ocrx_word' id='word_1_80' title='bbox 860 2363 907 2434; x_wconf 88' lang='lat' dir='ltr'><strong>ad</strong></span> <span class='ocrx_word' id='word_1_81' title='bbox 941 2367 1160 2463; x_wconf 84' lang='lat' dir='ltr'><strong>exemplum</strong></span> 
     </span>
     <span class='ocr_line' id='line_1_15' title="bbox 110 2496 1160 2594; baseline -0.007 -14"><span class='ocrx_word' id='word_1_82' title='bbox 110 2505 207 2580; x_wconf 87' lang='lat' dir='ltr'><strong>alios</strong></span> <span class='ocrx_word' id='word_1_83' title='bbox 238 2507 433 2575; x_wconf 79' lang='lat' dir='ltr'><strong>Romanae</strong></span> <span class='ocrx_word' id='word_1_84' title='bbox 457 2496 635 2569; x_wconf 91' lang='lat' dir='ltr'><strong>historiae</strong></span> <span class='ocrx_word' id='word_1_85' title='bbox 661 2521 811 2594; x_wconf 88' lang='lat' dir='ltr'><strong>graecos</strong></span> <span class='ocrx_word' id='word_1_86' title='bbox 835 2496 1044 2592; x_wconf 85' lang='lat' dir='ltr'><strong>scriptores·</strong></span> <span class='ocrx_word' id='word_1_87' title='bbox 1060 2500 1160 2574; x_wconf 89' lang='lat' dir='ltr'><strong>eius·</strong></span> 
     </span>
    </p>

    <p class='ocr_par' dir='ltr' id='par_1_4' title="bbox 48 2611 1159 3133">
     <span class='ocr_line' id='line_1_16' title="bbox 48 2611 1159 2728; baseline -0.003 -17"><span class='ocrx_word' id='word_1_88' title='bbox 48 2653 54 2657; x_wconf 82' lang='grc'><em>’</em></span> <span class='ocrx_word' id='word_1_89' title='bbox 110 2638 198 2712; x_wconf 89' lang='lat' dir='ltr'><strong>dem</strong></span> <span class='ocrx_word' id='word_1_90' title='bbox 222 2636 297 2708; x_wconf 85' lang='lat' dir='ltr'><strong>viri</strong></span> <span class='ocrx_word' id='word_1_91' title='bbox 320 2631 472 2706; x_wconf 90' lang='lat' dir='ltr'><strong>solertia</strong></span> <span class='ocrx_word' id='word_1_92' title='bbox 502 2633 544 2702; x_wconf 92' lang='lat' dir='ltr'><strong>in</strong></span> <span class='ocrx_word' id='word_1_93' title='bbox 577 2631 769 2728; x_wconf 87' lang='lat' dir='ltr'><strong>integrum</strong></span> <span class='ocrx_word' id='word_1_94' title='bbox 800 2611 1019 2706; x_wconf 84' lang='lat' dir='ltr'><strong>restitutum</strong></span> <span class='ocrx_word' id='word_1_95' title='bbox 1043 2632 1092 2704; x_wconf 84' lang='lat' dir='ltr'><strong>iri</strong></span> <span class='ocrx_word' id='word_1_96' title='bbox 1119 2653 1159 2708; x_wconf 90' lang='lat' dir='ltr'><strong>et</strong></span> 
     </span>
     <span class='ocr_line' id='line_1_17' title="bbox 111 2767 602 2867; baseline -0.02 -22"><span class='ocrx_word' id='word_1_97' title='bbox 111 2789 286 2867; x_wconf 88' lang='lat' dir='ltr'><strong>optamus</strong></span> <span class='ocrx_word' id='word_1_98' title='bbox 313 2786 352 2841; x_wconf 92' lang='lat' dir='ltr'><strong>et</strong></span> <span class='ocrx_word' id='word_1_99' title='bbox 378 2767 602 2841; x_wconf 87' lang='lat' dir='ltr'><strong>ominamur.</strong></span> 
     </span>
     <span class='ocr_line' id='line_1_18' title="bbox 175 2893 1157 3002; baseline 0.001 -26"><span class='ocrx_word' id='word_1_100' title='bbox 175 2893 177 2910; x_wconf 74' lang='grc'>’</span> <span class='ocrx_word' id='word_1_101' title='bbox 209 2908 370 2990; x_wconf 84' lang='lat' dir='ltr'><strong>MEUS,</strong></span> <span class='ocrx_word' id='word_1_102' title='bbox 403 2902 675 3001; x_wconf 86' lang='lat' dir='ltr'><strong>bombycinus,</strong></span> <span class='ocrx_word' id='word_1_103' title='bbox 711 2903 834 2976; x_wconf 86' lang='lat' dir='ltr'><strong>honae</strong></span> <span class='ocrx_word' id='word_1_104' title='bbox 865 2920 998 3002; x_wconf 76' lang='lat' dir='ltr'><strong>notae,</strong></span> <span class='ocrx_word' id='word_1_105' title='bbox 1032 2906 1157 2977; x_wconf 86' lang='lat' dir='ltr'><strong>conti·</strong></span> 
     </span>
     <span class='ocr_line' id='line_1_19' title="bbox 108 3035 934 3133; baseline -0.004 -23"><span class='ocrx_word' id='word_1_106' title='bbox 108 3062 204 3110; x_wconf 89' lang='lat' dir='ltr'><strong>nens</strong></span> <span class='ocrx_word' id='word_1_107' title='bbox 231 3053 375 3133; x_wconf 88' lang='lat' dir='ltr'><strong>praeter</strong></span> <span class='ocrx_word' id='word_1_108' title='bbox 399 3035 471 3108; x_wconf 85' lang='lat' dir='ltr'><strong>alia</strong></span> <span class='ocrx_word' id='word_1_109' title='bbox 497 3038 647 3109; x_wconf 84' lang='lat' dir='ltr'><strong>Aiacem</strong></span> <span class='ocrx_word' id='word_1_110' title='bbox 673 3055 712 3110; x_wconf 89' lang='lat' dir='ltr'><strong>et</strong></span> <span class='ocrx_word' id='word_1_111' title='bbox 737 3039 934 3111; x_wconf 88' lang='lat' dir='ltr'><strong>Electram.</strong></span> 
     </span>
    </p>

    <p class='ocr_par' dir='ltr' id='par_1_5' title="bbox 105 3168 1187 4358">
     <span class='ocr_line' id='line_1_20' title="bbox 212 3168 1156 3269; baseline 0.001 -27"><span class='ocrx_word' id='word_1_112' title='bbox 212 3177 255 3242; x_wconf 92' lang='lat' dir='ltr'><strong>T.</strong></span> <span class='ocrx_word' id='word_1_113' title='bbox 294 3171 422 3244; x_wconf 81' lang='lat' dir='ltr'><strong>Codex</strong></span> <span class='ocrx_word' id='word_1_114' title='bbox 441 3168 580 3268; x_wconf 80' lang='lat' dir='ltr'><strong>Regius</strong></span> <span class='ocrx_word' id='word_1_115' title='bbox 598 3173 829 3259; x_wconf 83' lang='lat' dir='ltr'><strong>chartaceus,</strong></span> <span class='ocrx_word' id='word_1_116' title='bbox 852 3170 1012 3269; x_wconf 80' lang='lat' dir='ltr'><strong>catalogi</strong></span> <span class='ocrx_word' id='word_1_117' title='bbox 1031 3195 1156 3260; x_wconf 74' lang='lat'><strong>271¹·‚</strong></span> 
     </span>
     <span class='ocr_line' id='line_1_21' title="bbox 107 3289 1157 3401; baseline -0.002 -22"><span class='ocrx_word' id='word_1_118' title='bbox 107 3305 334 3379; x_wconf 86' lang='lat' dir='ltr'><strong>nitidissime</strong></span> <span class='ocrx_word' id='word_1_119' title='bbox 375 3305 561 3400; x_wconf 89' lang='lat' dir='ltr'><strong>scriptus,</strong></span> <span class='ocrx_word' id='word_1_120' title='bbox 604 3289 680 3401; x_wconf 78' lang='lat' dir='ltr'><strong>&#39;quo</strong></span> <span class='ocrx_word' id='word_1_121' title='bbox 725 3303 968 3378; x_wconf 86' lang='lat' dir='ltr'><strong>continentur</strong></span> <span class='ocrx_word' id='word_1_122' title='bbox 1009 3322 1157 3400; x_wconf 85' lang='lat' dir='ltr'><strong>septem</strong></span> 
     </span>
     <span class='ocr_line' id='line_1_22' title="bbox 106 3436 1156 3538; baseline -0.004 -25"><span class='ocrx_word' id='word_1_123' title='bbox 106 3441 321 3538; x_wconf 81' lang='lat' dir='ltr'><strong>tragoediae</strong></span> <span class='ocrx_word' id='word_1_124' title='bbox 346 3441 452 3510; x_wconf 80' lang='lat' dir='ltr'><strong>iuxta</strong></span> <span class='ocrx_word' id='word_1_125' title='bbox 478 3436 663 3513; x_wconf 89' lang='lat' dir='ltr'><strong>Demetrii</strong></span> <span class='ocrx_word' id='word_1_126' title='bbox 687 3439 860 3513; x_wconf 88' lang='lat' dir='ltr'><strong>Triclinii</strong></span> <span class='ocrx_word' id='word_1_127' title='bbox 883 3437 1156 3528; x_wconf 86' lang='lat' dir='ltr'><strong>recensionem,</strong></span> 
     </span>
     <span class='ocr_line' id='line_1_23' title="bbox 107 3574 1187 3669; baseline -0.002 -22"><span class='ocrx_word' id='word_1_128' title='bbox 107 3600 194 3647; x_wconf 90' lang='lat' dir='ltr'><strong>cum</strong></span> <span class='ocrx_word' id='word_1_129' title='bbox 221 3574 389 3647; x_wconf 91' lang='lat' dir='ltr'><strong>eiusdem</strong></span> <span class='ocrx_word' id='word_1_130' title='bbox 411 3575 563 3647; x_wconf 87' lang='lat' dir='ltr'><strong>scholiis</strong></span> <span class='ocrx_word' id='word_1_131' title='bbox 587 3575 750 3647; x_wconf 86' lang='lat' dir='ltr'><strong>metricis</strong></span> <span class='ocrx_word' id='word_1_132' title='bbox 774 3576 818 3645; x_wconf 90' lang='lat' dir='ltr'><strong>in</strong></span> <span class='ocrx_word' id='word_1_133' title='bbox 843 3594 995 3659; x_wconf 88' lang='lat' dir='ltr'><strong>omnes,</strong></span> <span class='ocrx_word' id='word_1_134' title='bbox 1022 3575 1187 3669; x_wconf 35' lang='lat' dir='ltr'><strong>exegeff</strong></span> 
     </span>
     <span class='ocr_line' id='line_1_24' title="bbox 106 3707 1155 3812; baseline -0.001 -32"><span class='ocrx_word' id='word_1_135' title='bbox 106 3708 189 3781; x_wconf 90' lang='lat' dir='ltr'><strong>ticis</strong></span> <span class='ocrx_word' id='word_1_136' title='bbox 231 3732 320 3783; x_wconf 86' lang='lat' dir='ltr'><strong>vero</strong></span> <span class='ocrx_word' id='word_1_137' title='bbox 366 3709 503 3803; x_wconf 87' lang='lat' dir='ltr'><strong>partim</strong></span> <span class='ocrx_word' id='word_1_138' title='bbox 546 3708 743 3797; x_wconf 91' lang='lat' dir='ltr'><strong>Triclinii,</strong></span> <span class='ocrx_word' id='word_1_139' title='bbox 793 3707 931 3804; x_wconf 85' lang='lat' dir='ltr'><strong>partim</strong></span> <span class='ocrx_word' id='word_1_140' title='bbox 981 3724 1155 3812; x_wconf 75' lang='lat' dir='ltr'><strong>veteremi</strong></span> 
     </span>
     <span class='ocr_line' id='line_1_25' title="bbox 107 3841 1155 3942; baseline -0.004 -27"><span class='ocrx_word' id='word_1_141' title='bbox 107 3859 364 3915; x_wconf 83' lang='lat' dir='ltr'><strong>enarraturum</strong></span> <span class='ocrx_word' id='word_1_142' title='bbox 387 3841 695 3942; x_wconf 85' lang='lat' dir='ltr'><strong>inAntigonam,</strong></span> <span class='ocrx_word' id='word_1_143' title='bbox 723 3842 888 3937; x_wconf 87' lang='lat' dir='ltr'><strong>Oedipus</strong></span> <span class='ocrx_word' id='word_1_144' title='bbox 916 3842 1033 3929; x_wconf 87' lang='lat' dir='ltr'><strong>duos,</strong></span> <span class='ocrx_word' id='word_1_145' title='bbox 1062 3846 1155 3912; x_wconf 88' lang='lat' dir='ltr'><strong>Tra·</strong></span> 
     </span>
     <span class='ocr_line' id='line_1_26' title="bbox 107 3976 1154 4076; baseline -0.001 -30"><span class='ocrx_word' id='word_1_146' title='bbox 107 3976 250 4046; x_wconf 87' lang='lat' dir='ltr'><strong>chinias</strong></span> <span class='ocrx_word' id='word_1_147' title='bbox 276 3993 314 4046; x_wconf 92' lang='lat' dir='ltr'><strong>et</strong></span> <span class='ocrx_word' id='word_1_148' title='bbox 338 3976 594 4050; x_wconf 87' lang='lat' dir='ltr'><strong>Philoctetam.</strong></span> <span class='ocrx_word' id='word_1_149' title='bbox 645 3983 778 4076; x_wconf 87' lang='lat' dir='ltr'><strong>Longe</strong></span> <span class='ocrx_word' id='word_1_150' title='bbox 803 3977 938 4049; x_wconf 90' lang='lat' dir='ltr'><strong>melior</strong></span> <span class='ocrx_word' id='word_1_151' title='bbox 964 3991 1001 4046; x_wconf 92' lang='lat' dir='ltr'><strong>et</strong></span> <span class='ocrx_word' id='word_1_152' title='bbox 1026 3998 1154 4046; x_wconf 89' lang='lat' dir='ltr'><strong>emen·</strong></span> 
     </span>
     <span class='ocr_line' id='line_1_27' title="bbox 106 4106 1154 4205; baseline 0 -25"><span class='ocrx_word' id='word_1_153' title='bbox 106 4109 230 4182; x_wconf 88' lang='lat' dir='ltr'><strong>datior</strong></span> <span class='ocrx_word' id='word_1_154' title='bbox 253 4129 310 4183; x_wconf 89' lang='lat' dir='ltr'><strong>est</strong></span> <span class='ocrx_word' id='word_1_155' title='bbox 335 4112 368 4183; x_wconf 97' lang='lat' dir='ltr'><strong>is</strong></span> <span class='ocrx_word' id='word_1_156' title='bbox 385 4111 514 4201; x_wconf 73' lang='lat' dir='ltr'><strong>‚codex</strong></span> <span class='ocrx_word' id='word_1_157' title='bbox 538 4135 603 4198; x_wconf 91' lang='lat' dir='ltr'><strong>eo,</strong></span> <span class='ocrx_word' id='word_1_158' title='bbox 631 4134 708 4205; x_wconf 91' lang='lat' dir='ltr'><strong>quo</strong></span> <span class='ocrx_word' id='word_1_159' title='bbox 732 4106 932 4181; x_wconf 87' lang='lat' dir='ltr'><strong>Turnebus</strong></span> <span class='ocrx_word' id='word_1_160' title='bbox 956 4130 1048 4190; x_wconf 87' lang='lat' dir='ltr'><strong>usus</strong></span> <span class='ocrx_word' id='word_1_161' title='bbox 1073 4125 1154 4196; x_wconf 86' lang='lat' dir='ltr'><strong>est,</strong></span> 
     </span>
     <span class='ocr_line' id='line_1_28' title="bbox 105 4241 1186 4358; baseline 0 -45"><span class='ocrx_word' id='word_1_162' title='bbox 105 4244 326 4339; x_wconf 84' lang='lat' dir='ltr'><strong>aliquotque</strong></span> <span class='ocrx_word' id='word_1_163' title='bbox 342 4245 523 4334; x_wconf 78' lang='lat' dir='ltr'><strong>lectiones</strong></span> <span class='ocrx_word' id='word_1_164' title='bbox 542 4241 692 4327; x_wconf 78' lang='lat' dir='ltr'><strong>exhibet</strong></span> <span class='ocrx_word' id='word_1_165' title='bbox 708 4269 728 4317; x_wconf 92' lang='lat' dir='ltr'><strong>e</strong></span> <span class='ocrx_word' id='word_1_166' title='bbox 742 4242 1008 4318; x_wconf 81' lang='lat' dir='ltr'><strong>vetustissimis</strong></span> <span class='ocrx_word' id='word_1_167' title='bbox 1027 4265 1154 4313; x_wconf 85' lang='lat' dir='ltr'><strong>exem·</strong></span> <span class='ocrx_word' id='word_1_168' title='bbox 1183 4338 1186 4358; x_wconf 44' lang='grc' dir='ltr'>Ι</span> 
     </span>
    </p>
   </div>
   <div class='ocr_carea' id='block_1_3' title="bbox 75 4376 1153 4547">
    <p class='ocr_par' dir='ltr' id='par_1_6' title="bbox 75 4376 1153 4547">
     <span class='ocr_line' id='line_1_29' title="bbox 103 4376 1153 4479; baseline 0.003 -31"><span class='ocrx_word' id='word_1_169' title='bbox 103 4377 272 4473; x_wconf 83' lang='lat' dir='ltr'><strong>pluribus</strong></span> <span class='ocrx_word' id='word_1_170' title='bbox 294 4379 442 4468; x_wconf 83' lang='lat' dir='ltr'><strong>ductas,</strong></span> <span class='ocrx_word' id='word_1_171' title='bbox 470 4404 568 4477; x_wconf 88' lang='lat' dir='ltr'><strong>quae</strong></span> <span class='ocrx_word' id='word_1_172' title='bbox 586 4380 764 4476; x_wconf 85' lang='lat' dir='ltr'><strong>nuspiam</strong></span> <span class='ocrx_word' id='word_1_173' title='bbox 787 4378 879 4479; x_wconf 88' lang='lat' dir='ltr'><strong>alibi</strong></span> <span class='ocrx_word' id='word_1_174' title='bbox 900 4376 1153 4473; x_wconf 78' lang='lat' dir='ltr'><strong>reperiuntur.</strong></span> 
     </span>
     <span class='ocr_line' id='line_1_30' title="bbox 75 4499 528 4547; baseline 0 0"><span class='ocrx_word' id='word_1_175' title='bbox 75 4499 76 4504; x_wconf 27' lang='lat'>¹</span> <span class='ocrx_word' id='word_1_176' title='bbox 513 4513 528 4547; x_wconf 71' lang='lat'>0</span> 
     </span>
    </p>
   </div>
   <div class='ocr_carea' id='block_1_4' title="bbox 0 0 1234 4936">
    <p class='ocr_par' dir='ltr' id='par_1_7' title="bbox 0 0 1234 4936">
     <span class='ocr_line' id='line_1_31' title="bbox 0 0 1234 4936; baseline 0 2"><span class='ocrx_word' id='word_1_177' title='bbox 0 0 1234 4936; x_wconf 95' lang='lat' dir='ltr'><strong> </strong></span> 
     </span>
    </p>
   </div>
  </div>
 </body>
</html>
